@article{Dalitz,
	author={R H Dalitz},
	title={On an Alternative Decay Process for the Neutral $\pi^{0}$-Meson},
	journal={Proceedings of the Physical Society. Section A},
	volume={64},
	number={7},
	pages={667},
	url={http://stacks.iop.org/0370-1298/64/i=7/a=115},
	year={1951},
	abstract={}
}
@article{KrollWada,
	title = {Internal Pair Production Associated with the Emission of High-Energy Gamma Rays},
	author = {Kroll, Norman M. and Wada, Walter},
	journal = {Phys. Rev.},
	volume = {98},
	issue = {5},
	pages = {1355--1359},
	numpages = {0},
	year = {1955},
	month = {Jun},
	publisher = {American Physical Society},
	doi = {10.1103/PhysRev.98.1355},
	url = {http://link.aps.org/doi/10.1103/PhysRev.98.1355}
}
@article{Lord,
	title = {Narrow Angle Pairs of Particles from Nuclear Interactions},
	author = {Lord, J. J. and Fainberg, Joseph and Haskin, D. fas. and Schein, Marcel},
	journal = {Phys. Rev.},
	volume = {87},
	issue = {3},
	pages = {538--539},
	numpages = {0},
	year = {1952},
	month = {Aug},
	publisher = {American Physical Society},
	doi = {10.1103/PhysRev.87.538},
	url = {http://link.aps.org/doi/10.1103/PhysRev.87.538}
}
@article{Samios,
	title = {Dynamics of Internally Converted Electron-Positron Pairs},
	author = {Samios, N. P.},
	journal = {Phys. Rev.},
	volume = {121},
	issue = {1},
	pages = {275--281},
	numpages = {0},
	year = {1961},
	month = {Jan},
	publisher = {American Physical Society},
	doi = {10.1103/PhysRev.121.275},
	url = {http://link.aps.org/doi/10.1103/PhysRev.121.275}
}
@article{Sargent,
	title = {Diffusion Cloud-Chamber Study of Very Slow Mesons. I. Internal Pair Formation},
	author = {Sargent, C. P. and Cornelius, R. and Rinehart, M. and Lederman, L. M. and Rogers, K.},
	journal = {Phys. Rev.},
	volume = {98},
	issue = {5},
	pages = {1349--1354},
	numpages = {0},
	year = {1955},
	month = {Jun},
	publisher = {American Physical Society},
	doi = {10.1103/PhysRev.98.1349},
	url = {http://link.aps.org/doi/10.1103/PhysRev.98.1349}
}
@ARTICLE{Lindenfeld,
	author = {{Lindenfeld}, P. and {Sachs}, A. and {Steinberger}, J.},
	title = "{The Internal Pair Production of {$\gamma$}-Rays of Mesonic Origin; Alternate Modes of {$\pi$}$^{0}$ Decay}",
	journal = {Physical Review},
	year = 1953,
	month = feb,
	volume = 89,
	pages = {531-537},
	doi = {10.1103/PhysRev.89.531},
	adsurl = {http://adsabs.harvard.edu/abs/1953PhRv...89..531L},
	adsnote = {Provided by the SAO/NASA Astrophysics Data System}
}
@book{peskin,
	title={An Introduction to Quantum Field Theory},
	author={Peskin, M.E. and Schroeder, D.V.},
	isbn={9780201503975},
	lccn={89027170},
	series={Advanced book classics},
	url={http://books.google.com/books?id=i35LALN0GosC},
	year={1995},
	publisher={Addison-Wesley Publishing Company}
}
@book{halzen,
	title={Quarks and leptons: an introductory course in modern particle physics},
	author={Halzen, F. and Martin, A.D.},
	lccn={83014649},
	url={http://books.google.com/books?id=zwDvAAAAMAAJ},
	year={1984},
	publisher={Wiley}
}
@article{pdg2014,
	author        = "K.A. Olive et al",
	collaboration = "Particle Data Group",
	title         = "Review of Particle Physics",
	journal       = "Phys. Rev. C",
	volume        = "38",
	pages         = "090001",
	year          = "2014",
}
@article{Hanhart2015,
	author="Hanhart, C.
	and Kup{\'{s}}{\'{c}}, A.
	and Mei{\ss}ner, U.-G.
	and Stollenwerk, F.
	and Wirzba, A.",
	title="Erratum to: Dispersive analysis for $\eta \rightarrow \gamma \gamma ^\star $",
	journal="The European Physical Journal C",
	year="2015",
	volume="75",
	number="6",
	pages="1--3",
	issn="1434-6052",
	doi="10.1140/epjc/s10052-015-3429-2",
	url="http://dx.doi.org/10.1140/epjc/s10052-015-3429-2"
}
@article{BESIII,
	title = {Observation of the Dalitz decay $\ensuremath{\eta}\ensuremath{'}\ensuremath{\rightarrow}\ensuremath{\gamma}{e}^{+}{e}^{-}$},
	author = {Ablikim, M. and et. al.},
	collaboration = {BESIII Collaboration},
	journal = {Phys. Rev. D},
	volume = {92},
	issue = {1},
	pages = {012001},
	numpages = {11},
	year = {2015},
	month = {Jul},
	publisher = {American Physical Society},
	doi = {10.1103/PhysRevD.92.012001},
	url = {http://link.aps.org/doi/10.1103/PhysRevD.92.012001}
}
@article{landsberg,
	title = "Electromagnetic decays of light mesons",
	journal = "Physics Reports",
	volume = "128",
	number = "6",
	pages = "301 - 376",
	year = "1985",
	note = "",
	issn = "0370-1573",
	doi = "http://dx.doi.org/10.1016/0370-1573(85)90129-2",
	url = "http://www.sciencedirect.com/science/article/pii/0370157385901292",
	author = "L.G. Landsberg",
	
}
@article{PLUTO,
	author         = "Frohlich, I. and Froehlich, I. and Cazon, Lorenzo and
	Galatyuk, T. and Hejny, V. and others",
	title          = "{Pluto: A Monte Carlo Simulation Tool for Hadronic
	Physics}",
	journal        = "PoS",
	volume         = "ACAT2007",
	pages          = "076",
	year           = "2007",
	eprint         = "0708.2382",
	archivePrefix  = "arXiv",
	primaryClass   = "nucl-ex",
	SLACcitation   = "%%CITATION = ARXIV:0708.2382;%%",
}
@TechReport{clas.proposal.eta,
	author = {Stoler, P. and others},
	title = {Hard Exclusive Electroproduction of pi0 and eta with CLAS12},
	institution = {\texttt{CLAS} Analysis Proposal \texttt{E12-06-108}},
	year = {2011}
}
@TechReport{clas.proposal.phi,
	author = {Stoler, P. and others},
	title = {Exclusive Phi Meson Electroproduction with CLAS12},
	institution = {\texttt{CLAS} Analysis Proposal \texttt{E12-12-007}},
	year = {2012}
}
@TechReport{clas.proposal.jpsi,
	author = {Nadel-Turonski, P. and others},
	title = {{Timelike Compton Scattering and $J/\psi$ photoproduction on the proton in e+e- pair production with CLAS12 at 11 GeV}},
	institution = {\texttt{CLAS} Analysis Proposal \texttt{E12-12-001}},
	year = {2012}
}
@TechReport{clas.proposal.meson,
	author = {Battaglieri, M. and others},
	title = {{Meson spectroscopy with low Q2 electron scattering in CLAS12}},
	institution = {\texttt{CLAS} Analysis Proposal \texttt{E12-11-005}},
	year = {2010}
}
@TechReport{g12note,
	author = {Akbar, Z. and others},
	title = {{g12 Analysis Procedures, Statistics and Systematics}},
	institution = {\texttt{CLAS} Technical Note},
	year = {2016}
}
@TechReport{Sargsyan,
	author = {Sargsyan, M. and others},
	title = {{CLAS-NOTE 90-007}},
	institution = {\texttt{CLAS} Technical Note},
	year = {1990}
}

@ARTICLE{qfactor,
	AUTHOR  = {Williams, M. and others},
	TITLE   = {Separating Signals from Non-Interfering Backgrounds using Probabilistic Event Weightings},
	YEAR    = {2008},
    archivePrefix = "arXiv",
    eprint = {0804.3382v1 },
    primaryClass = "physics.data-an",
}
@ARTICLE{CLEO,
	AUTHOR  = {Briere, R. and others (CLEO Collaboration)},
	TITLE   = {Rare Decays of the $\eta^{\prime}$},
	YEAR    = {1999},
	archivePrefix = "arXiv",
	eprint = {9907046v1},
	primaryClass = "hep-ex",
} 
@article{Williams,
	title = {Differential cross sections for the reactions $\ensuremath{\gamma}p\ensuremath{\rightarrow}p\ensuremath{\eta}$ and $\ensuremath{\gamma}p\ensuremath{\rightarrow}p{\ensuremath{\eta}}^{'}$},
	author = {Williams, M. and others},
	collaboration = {CLAS Collaboration},
	journal = {Phys. Rev. C},
	volume = {80},
	issue = {4},
	pages = {045213},
	numpages = {13},
	year = {2009},
	month = {Oct},
	publisher = {American Physical Society},
	doi = {10.1103/PhysRevC.80.045213},
	url = {http://link.aps.org/doi/10.1103/PhysRevC.80.045213}
}
@TechReport{fastmc,
	author = {CLAS software repository},
	title = {Monte-carlo program to simulate CLAS12 detector response},
	year={2016}
}
@online{gemc,
	author = {Ungaro, M.},
	title = {{CLAS12 GEANT-4 simulation package GEMC}},
	  howpublished = "\url{ http://clasweb.jlab.org/wiki/index.php/CLAS12 Software}",
}
@article{Jegerlehner:2009ry,
	author         = "Jegerlehner, Fred and Nyffeler, Andreas",
	title          = "{The Muon g-2}",
	journal        = "Phys. Rept.",
	volume         = "477",
	year           = "2009",
	pages          = "1-110",
	doi            = "10.1016/j.physrep.2009.04.003",
	eprint         = "0902.3360",
	archivePrefix  = "arXiv",
	primaryClass   = "hep-ph",
	reportNumber   = "HU-EP-09-07, HRI-P-09-02-001, RECAPP-HRI-2009-003",
	SLACcitation   = "%%CITATION = ARXIV:0902.3360;%%"
}
@article{Blum:2013xva,
	author         = "Blum, Thomas and Denig, Achim and Logashenko, Ivan and de
	Rafael, Eduardo and Lee Roberts, B. and Teubner, Thomas
	and Venanzoni, Graziano",
	title          = "{The Muon (g-2) Theory Value: Present and Future}",
	year           = "2013",
	eprint         = "1311.2198",
	archivePrefix  = "arXiv",
	primaryClass   = "hep-ph",
	SLACcitation   = "%%CITATION = ARXIV:1311.2198;%%"
}
@article{Bennett:2006fi,
	author         = "Bennett, G. W. and others",
	title          = "{Final Report of the Muon E821 Anomalous Magnetic Moment
	Measurement at BNL}",
	collaboration  = "Muon g-2",
	journal        = "Phys. Rev.",
	volume         = "D73",
	year           = "2006",
	pages          = "072003",
	doi            = "10.1103/PhysRevD.73.072003",
	eprint         = "hep-ex/0602035",
	archivePrefix  = "arXiv",
	primaryClass   = "hep-ex",
	SLACcitation   = "%%CITATION = HEP-EX/0602035;%%"
}
@article{Davier:2010nc,
	author         = "Davier, Michel and Hoecker, Andreas and Malaescu, Bogdan
	and Zhang, Zhiqing",
	title          = "{Reevaluation of the Hadronic Contributions to the Muon
	g-2 and to alpha(MZ)}",
	journal        = "Eur. Phys. J.",
	volume         = "C71",
	year           = "2011",
	pages          = "1515",
	doi            = "10.1140/epjc/s10052-012-1874-8,
	10.1140/epjc/s10052-010-1515-z",
	note           = "[Erratum: Eur. Phys. J.C72,1874(2012)]",
	eprint         = "1010.4180",
	archivePrefix  = "arXiv",
	primaryClass   = "hep-ph",
	reportNumber   = "CERN-OPEN-2010-021, LAL-10-155",
	SLACcitation   = "%%CITATION = ARXIV:1010.4180;%%"
}
@article{Hagiwara:2011af,
	author         = "Hagiwara, Kaoru and Liao, Ruofan and Martin, Alan D. and
	Nomura, Daisuke and Teubner, Thomas",
	title          = "{(g-2)$_mu$ and alpha(M$\mathrm{_Z^2}$) re-evaluated using new precise
	data}",
	journal        = "J. Phys.",
	volume         = "G38",
	year           = "2011",
	pages          = "085003",
	doi            = "10.1088/0954-3899/38/8/085003",
	eprint         = "1105.3149",
	archivePrefix  = "arXiv",
	primaryClass   = "hep-ph",
	reportNumber   = "KEK-TH-1458, LTH-913, IPPP-11-18, DCPT-11-36, TU-883",
	SLACcitation   = "%%CITATION = ARXIV:1105.3149;%%"
}
@article{Grange:2015fou,
	author         = "Grange, J. and others",
	title          = "{Muon (g-2) Technical Design Report}",
	collaboration  = "Muon g-2",
	year           = "2015",
	eprint         = "1501.06858",
	archivePrefix  = "arXiv",
	primaryClass   = "physics.ins-det",
	reportNumber   = "FERMILAB-FN-0992-E, FERMILAB-DESIGN-2014-02",
	SLACcitation   = "%%CITATION = ARXIV:1501.06858;%%"
}
@article{Saito:2012zz,
	author         = "Saito, Naohito",
	title          = "{A novel precision measurement of muon g-2 and EDM at
	J-PARC}",
	booktitle      = "{Proceedings, International Workshop on Grand Unified
	Theories (GUT2012)}",
	collaboration  = "J-PARC g-'2/EDM",
	journal        = "AIP Conf. Proc.",
	volume         = "1467",
	year           = "2012",
	pages          = "45-56",
	doi            = "10.1063/1.4742078",
	SLACcitation   = "%%CITATION = APCPC,1467,45;%%"
}
@article{Bijnens:2007pz,
	author         = "Bijnens, Johan and Prades, Joaquim",
	title          = "{The Hadronic Light-by-Light Contribution to the Muon
	Anomalous Magnetic Moment: Where do we stand?}",
	journal        = "Mod. Phys. Lett.",
	volume         = "A22",
	year           = "2007",
	pages          = "767-782",
	doi            = "10.1142/S0217732307022992",
	eprint         = "hep-ph/0702170",
	archivePrefix  = "arXiv",
	primaryClass   = "HEP-PH",
	reportNumber   = "CERN-PH-TH-2007-035, LU-TP-07-05",
	SLACcitation   = "%%CITATION = HEP-PH/0702170;%%"
}

@article{Gattringer:2010zz,
	author         = "Gattringer, Christof and Lang, Christian B.",
	title          = "{Quantum chromodynamics on the lattice}",
	journal        = "Lect. Notes Phys.",
	volume         = "788",
	year           = "2010",
	pages          = "1-343",
	doi            = "10.1007/978-3-642-01850-3",
	SLACcitation   = "%%CITATION = LNPHA,788,1;%%"
}
@article{Blum:2014oka,
	author         = "Blum, Thomas and Chowdhury, Saumitra and Hayakawa,
	Masashi and Izubuchi, Taku",
	title          = "{Hadronic light-by-light scattering contribution to the
	muon anomalous magnetic moment from lattice QCD}",
	journal        = "Phys. Rev. Lett.",
	volume         = "114",
	year           = "2015",
	number         = "1",
	pages          = "012001",
	doi            = "10.1103/PhysRevLett.114.012001",
	eprint         = "1407.2923",
	archivePrefix  = "arXiv",
	primaryClass   = "hep-lat",
	SLACcitation   = "%%CITATION = ARXIV:1407.2923;%%"
}
@article{Colangelo:2014dfa,
	author         = "Colangelo, Gilberto and Hoferichter, Martin and Procura,
	Massimiliano and Stoffer, Peter",
	title          = "{Dispersive approach to hadronic light-by-light
	scattering}",
	journal        = "JHEP",
	volume         = "09",
	year           = "2014",
	pages          = "091",
	doi            = "10.1007/JHEP09(2014)091",
	eprint         = "1402.7081",
	archivePrefix  = "arXiv",
	primaryClass   = "hep-ph",
	SLACcitation   = "%%CITATION = ARXIV:1402.7081;%%"
}
@article{Pauk:2014rfa,
	author         = "Pauk, Vladyslav and Vanderhaeghen, Marc",
	title          = "{Anomalous magnetic moment of the muon in a dispersive
	approach}",
	journal        = "Phys. Rev.",
	volume         = "D90",
	year           = "2014",
	number         = "11",
	pages          = "113012",
	doi            = "10.1103/PhysRevD.90.113012",
	eprint         = "1409.0819",
	archivePrefix  = "arXiv",
	primaryClass   = "hep-ph",
	SLACcitation   = "%%CITATION = ARXIV:1409.0819;%%"
}
@article{Colangelo:2014pva,
	author         = "Colangelo, Gilberto and Hoferichter, Martin and Kubis,
	Bastian and Procura, Massimiliano and Stoffer, Peter",
	title          = "{Towards a data-driven analysis of hadronic
	light-by-light scattering}",
	journal        = "Phys. Lett.",
	volume         = "B738",
	year           = "2014",
	pages          = "6-12",
	doi            = "10.1016/j.physletb.2014.09.021",
	eprint         = "1408.2517",
	archivePrefix  = "arXiv",
	primaryClass   = "hep-ph",
	SLACcitation   = "%%CITATION = ARXIV:1408.2517;%%"
}
@article{Colangelo:2015ama,
	author         = "Colangelo, Gilberto and Hoferichter, Martin and Procura,
	Massimiliano and Stoffer, Peter",
	title          = "{Dispersion relation for hadronic light-by-light
	scattering: theoretical foundations}",
	journal        = "JHEP",
	volume         = "09",
	year           = "2015",
	pages          = "074",
	doi            = "10.1007/JHEP09(2015)074",
	eprint         = "1506.01386",
	archivePrefix  = "arXiv",
	primaryClass   = "hep-ph",
	reportNumber   = "INT-PUB-15-019, UWTHPH-2015-10",
	SLACcitation   = "%%CITATION = ARXIV:1506.01386;%%"
}
@article{Adlarson:2011xb,
	author         = "Adlarson, P. and others",
	title          = "{Exclusive Measurement of the $\eta \to \pi^+ \pi^-
	\gamma$ Decay}",
	collaboration  = "WASA-at-COSY",
	journal        = "Phys. Lett.",
	volume         = "B707",
	year           = "2012",
	pages          = "243-249",
	doi            = "10.1016/j.physletb.2011.12.027",
	eprint         = "1107.5277",
	archivePrefix  = "arXiv",
	primaryClass   = "nucl-ex",
	SLACcitation   = "%%CITATION = ARXIV:1107.5277;%%"
}
@article{Stollenwerk:2011zz,
	author         = "Stollenwerk, F. and Hanhart, C. and Kupsc, A. and
	Meissner, U. G. and Wirzba, A.",
	title          = "{Model-independent approach to eta -> pi+ pi- gamma and
	eta' -> pi+ pi- gamma}",
	journal        = "Phys. Lett.",
	volume         = "B707",
	year           = "2012",
	pages          = "184-190",
	doi            = "10.1016/j.physletb.2011.12.008",
	eprint         = "1108.2419",
	archivePrefix  = "arXiv",
	primaryClass   = "nucl-th",
	SLACcitation   = "%%CITATION = ARXIV:1108.2419;%%"
}
%%% contains utf-8, see: http://inspirehep.net/info/faq/general#utf8
%%% add \usepackage[utf8]{inputenc} to your latex preamble
@article{Hanhart:2013vba,
	author         = "Hanhart, C. and Kup?c, A. and Meißner, U. -G. and
	Stollenwerk, F. and Wirzba, A.",
	title          = "{Dispersive analysis for $\eta\to \gamma\gamma^*$}",
	journal        = "Eur. Phys. J.",
	volume         = "C73",
	year           = "2013",
	number         = "12",
	pages          = "2668",
	doi            = "10.1140/epjc/s10052-013-2668-3,
	10.1140/epjc/s10052-015-3429-2",
	note           = "[Erratum: Eur. Phys. J.C75,no.6,242(2015)]",
	eprint         = "1307.5654",
	archivePrefix  = "arXiv",
	primaryClass   = "hep-ph",
	SLACcitation   = "%%CITATION = ARXIV:1307.5654;%%"
}
@article{Kubis:2015sga,
	author         = "Kubis, Bastian and Plenter, Judith",
	title          = "{Anomalous decay and scattering processes of the $\eta $
	meson}",
	journal        = "Eur. Phys. J.",
	volume         = "C75",
	year           = "2015",
	number         = "6",
	pages          = "283",
	doi            = "10.1140/epjc/s10052-015-3495-5",
	eprint         = "1504.02588",
	archivePrefix  = "arXiv",
	primaryClass   = "hep-ph",
	SLACcitation   = "%%CITATION = ARXIV:1504.02588;%%"
}
%%% contains utf-8, see: http://inspirehep.net/info/faq/general#utf8
%%% add \usepackage[utf8]{inputenc} to your latex preamble
@article{Xiao:2015uva,
	author         = "Xiao, C. W. and Dato, T. and Hanhart, C. and Kubis, B.
	and Meißner, U. -G. and Wirzba, A.",
	title          = "{Towards an improved understanding of eta --> gamma$^*$
	gamma$^*$}",
	year           = "2015",
	eprint         = "1509.02194",
	archivePrefix  = "arXiv",
	primaryClass   = "hep-ph",
	SLACcitation   = "%%CITATION = ARXIV:1509.02194;%%"
}
@article{Babusci:2014ldz,
	author         = "Babusci, D. and others",
	title          = "{Study of the Dalitz decay $\phi \to \eta e^+e^-$ with
	the KLOE detector}",
	collaboration  = "KLOE-2",
	journal        = "Phys. Lett.",
	volume         = "B742",
	year           = "2015",
	pages          = "1-6",
	doi            = "10.1016/j.physletb.2015.01.011",
	eprint         = "1409.4582",
	archivePrefix  = "arXiv",
	primaryClass   = "hep-ex",
	SLACcitation   = "%%CITATION = ARXIV:1409.4582;%%"
}
@article{Ablikim:2015wnx,
	author         = "Ablikim, M. and others",
	title          = "{Observation of the Dalitz Decay $\eta' \to \gamma
	e^+e^-$}",
	collaboration  = "BESIII",
	journal        = "Phys. Rev.",
	volume         = "D92",
	year           = "2015",
	number         = "1",
	pages          = "012001",
	doi            = "10.1103/PhysRevD.92.012001",
	eprint         = "1504.06016",
	archivePrefix  = "arXiv",
	primaryClass   = "hep-ex",
	SLACcitation   = "%%CITATION = ARXIV:1504.06016;%%"
}
@article{Dzhelyadin:1980tj,
	author         = "Dzhelyadin, R. I. and others",
	title          = "{Study of the Electromagnetic Transition Form-factor in
	$\omega \to \pi^0 \mu^+ \mu^-$ Decay}",
	journal        = "Phys. Lett.",
	volume         = "B102",
	year           = "1981",
	pages          = "296",
	doi            = "10.1016/0370-2693(81)90879-0",
	note           = "[JETP Lett.33,228(1981)]",
	reportNumber   = "IFVE-80-178",
	SLACcitation   = "%%CITATION = PHLTA,B102,296;%%"
}
@article{Arnaldi:2009aa,
	author         = "Arnaldi, R. and others",
	title          = "{Study of the electromagnetic transition form-factors in
	eta ---> mu+ mu- gamma and omega ---> mu+ mu- pi0 decays
	with NA60}",
	collaboration  = "NA60",
	journal        = "Phys. Lett.",
	volume         = "B677",
	year           = "2009",
	pages          = "260-266",
	doi            = "10.1016/j.physletb.2009.05.029",
	eprint         = "0902.2547",
	archivePrefix  = "arXiv",
	primaryClass   = "hep-ph",
	SLACcitation   = "%%CITATION = ARXIV:0902.2547;%%"
}
@article{Uras:2011zz,
	author         = "Uras, Antonio",
	title          = "{Measurement of the $\eta$ and $\omega$ Dalitz decays
	transition form factors in p-A collisions at 400 GeV/$c$
	with the NA60 apparatus}",
	booktitle      = "{Proceedings, Workshop for Young Scientists on the
	Physics of Ultrarelativistic Nucleus-Nucleus Collisions
	(Hot Quarks 2010)}",
	collaboration  = "NA60",
	journal        = "J. Phys. Conf. Ser.",
	volume         = "270",
	year           = "2011",
	pages          = "012038",
	doi            = "10.1088/1742-6596/270/1/012038",
	eprint         = "1108.0968",
	archivePrefix  = "arXiv",
	primaryClass   = "hep-ex",
	SLACcitation   = "%%CITATION = ARXIV:1108.0968;%%"
}
@article{Achasov:2013btb,
	author         = "Achasov, M. N. and others",
	title          = "{Study of $e^+e^- \to \omega\pi^0 \to \pi^0\pi^0\gamma$
	in the energy range $1.05-2.00$ GeV with SND}",
	journal        = "Phys. Rev.",
	volume         = "D88",
	year           = "2013",
	number         = "5",
	pages          = "054013",
	doi            = "10.1103/PhysRevD.88.054013",
	eprint         = "1303.5198",
	archivePrefix  = "arXiv",
	primaryClass   = "hep-ex",
	SLACcitation   = "%%CITATION = ARXIV:1303.5198;%%"
}
@article{Anastasi:2016bfh,
	author         = "Anastasi, A. and others",
	title          = "{Measurement of the $\phi \to \pi^0 e^+e^-$ transition
	form factor with the KLOE detector}",
	collaboration  = "KLOE-2",
	journal        = "Phys. Lett.",
	volume         = "B757",
	year           = "2016",
	pages          = "362-367",
	doi            = "10.1016/j.physletb.2016.04.015",
	eprint         = "1601.06565",
	archivePrefix  = "arXiv",
	primaryClass   = "hep-ex",
	SLACcitation   = "%%CITATION = ARXIV:1601.06565;%%"
}
@article{Achasov:2000ne,
	author         = "Achasov, M. N. and others",
	title          = "{Study of Conversion Decays phi --> eta e+ e- and eta -->
	gamma e+ e- in the Experiment with SND Detector at the
	VEPP-2M Collider}",
	journal        = "Phys. Lett.",
	volume         = "B504",
	year           = "2001",
	pages          = "275-281",
	doi            = "10.1016/S0370-2693(01)00320-3",
	reportNumber   = "BUDKER-INP-2000-60",
	SLACcitation   = "%%CITATION = PHLTA,B504,275;%%"
}
article{Akhmetshin:2000bw,
	author         = "Akhmetshin, R. R. and others",
	title          = "{Study of conversion decays phi ---> eta e+ e-, eta --->
	e+ e- gamma and eta ---> pi+ pi- e+ e- at CMD-2}",
	collaboration  = "CMD-2",
	journal        = "Phys. Lett.",
	volume         = "B501",
	year           = "2001",
	pages          = "191-199",
	doi            = "10.1016/S0370-2693(01)00123-X",
	eprint         = "hep-ex/0012039",
	archivePrefix  = "arXiv",
	primaryClass   = "hep-ex",
	reportNumber   = "BUDKER-INP-2000-85",
	SLACcitation   = "%%CITATION = HEP-EX/0012039;%%"
}
@article{Achasov:2002hs,
	author         = "Achasov, M. N. and others",
	title          = "{Measurement of the phi --> pi0 e+ e- decay probability}",
	journal        = "JETP Lett.",
	volume         = "75",
	year           = "2002",
	pages          = "449-451",
	doi            = "10.1134/1.1494039",
	note           = "[Pisma Zh. Eksp. Teor. Fiz.75,539(2002)]",
	SLACcitation   = "%%CITATION = JTPLA,75,449;%%"
}
@article{Akhmetshin:2000wi,
	author         = "Akhmetshin, R. R. and others",
	title          = "{Observation of the conversion decay phi ---> pi0 e+ e-
	at CMD-2}",
	collaboration  = "CMD-2",
	journal        = "Phys. Lett.",
	volume         = "B503",
	year           = "2001",
	pages          = "237-244",
	doi            = "10.1016/S0370-2693(00)01357-5",
	eprint         = "hep-ex/0011026",
	archivePrefix  = "arXiv",
	primaryClass   = "hep-ex",
	reportNumber   = "BUDKER-INP-1999-97",
	SLACcitation   = "%%CITATION = HEP-EX/0011026;%%"
}
@article{Berg,
	title = "Determination of the $\eta$-transition form factor in the reaction ",
	journal = "Physics Letters B ",
	volume = "701",
	number = "5",
	pages = "562 - 567",
	year = "2011",
	note = "",
	issn = "0370-2693",
	doi = "http://dx.doi.org/10.1016/j.physletb.2011.06.069",
	url = "http://www.sciencedirect.com/science/article/pii/S0370269311007246",
	author = "H. Berghäuser and others",
	keywords = "Meson decays",
	keywords = "Transition form factor "
}
@article{A2,
	title = {New determination of the $\eta$ transition form factor in the Dalitz decay $\eta^{\prime} \rightarrow e^+e^- \gamma  $ with the Crystal Ball/TAPS detectors at the Mainz Microtron},
	author = {Aguar-Bartolom\'e, P. and others.},
	collaboration = {A2 Collaboration at MAMI},
	journal = {Phys. Rev. C},
	volume = {89},
	issue = {4},
	pages = {044608},
	numpages = {11},
	year = {2014},
	month = {Apr},
	publisher = {American Physical Society},
	doi = {10.1103/PhysRevC.89.044608},
	url = {http://link.aps.org/doi/10.1103/PhysRevC.89.044608}
}
@article{FARZ,
	title = "Measurement of the slope of the $\pi^0$ electromagnetic form factor",
	journal = "Physics Letters B",
	volume = "278",
	number = "4",
	pages = "413 - 418",
	year = "1992",
	note = "",
	issn = "0370-2693",
	doi = "http://dx.doi.org/10.1016/0370-2693(92)90577-Q",
	url = "http://www.sciencedirect.com/science/article/pii/037026939290577Q",
	author = "F. Farzanpay and others",
	
}
@article{DZH,
	title = "Observation of $\eta^{\prime} \to \mu^+\mu^-\gamma$ decay",
	journal = "Physics Letters B",
	volume = "88",
	number = "3",
	pages = "379 - 380",
	year = "1979",
	note = "",
	issn = "0370-2693",
	doi = "http://dx.doi.org/10.1016/0370-2693(79)90490-8",
	url = "http://www.sciencedirect.com/science/article/pii/0370269379904908",
	author = "R.I. Dzhelyadin andothers",
	
}
@report{claskunkel,
	author = {Kunkel, M.C.},
	title = {{Light Meson Decays in CLAS}},
	type = {type},
	institution = {{CLAS Collaboration Meeting}},
	date = {24.02.2016},
}
@PhdThesis{thesiskunkel,
	Author = {Kunkel, M.C.},
	School = {Old Dominion University},
	Title = {{Photoproduction of $\pi^0$ on hydrogen with CLAS from 1.1 GeV - 5.45 GeV using $\lowercase{e}^{+}\lowercase{e}^{-}\gamma$ decay}},
	Year = {2014},
}
@MastersThesis{thesisschever,
	Author = {Schever, M},
	School = {University of Aachen, Germany},
	Title = {{Towards Measuring the Electromagnetic Structure of $\eta'$ Mesons with CLAS }},
	Year = {2015},
}
@article{etaphoto,
	title = {$\ensuremath{\eta}$ Photoproduction on the Proton for Photon Energies from 0.75 to 1.95 GeV},
	author = {Dugger, M. and others},
	collaboration = {CLAS Collaboration},
	journal = {Phys. Rev. Lett.},
	volume = {89},
	issue = {22},
	pages = {222002},
	numpages = {6},
	year = {2002},
	month = {Nov},
	publisher = {American Physical Society},
	doi = {10.1103/PhysRevLett.89.222002},
	url = {http://link.aps.org/doi/10.1103/PhysRevLett.89.222002}
}
@article{etaelect,
	title = {The $\mathit{ep}\ensuremath{\rightarrow}{\mathit{e}}^{\ensuremath{'}}\mathit{p}\mathit{\ensuremath{\eta}}$ Reaction at and above the ${\mathit{S}}_{11}(1535)$ Baryon Resonance},
	author = {Thompson, R. and others},
	collaboration = {The CLAS Collaboration},
	journal = {Phys. Rev. Lett.},
	volume = {86},
	issue = {9},
	pages = {1702--1706},
	numpages = {0},
	year = {2001},
	month = {Feb},
	publisher = {American Physical Society},
	doi = {10.1103/PhysRevLett.86.1702},
	url = {http://link.aps.org/doi/10.1103/PhysRevLett.86.1702}
}
 @article{miller,
  	author={Miller, J.P. and others},
  	title={Muon ( g - 2): experiment and theory},
  	journal={Reports on Progress in Physics},
  	volume={70},
  	number={5},
  	pages={795},
  	year={2007},
  }
 @article{Nyffeler,
  	author={Nyffeler, A.},
  	title={On the precision of a data-driven estimate of hadronic light-by-light scattering in the muon g-2: pseudoscalar-pole contribution},
  	journal={arXiv},
  	number={1602.03398},
  	year={2016},
  }